% Seminar on Network Security, BiBTeX template 

@book{Harrison09,
	title={Handbook of practical logic and automated reasoning},
	author={Harrison, John},
	year={2009},
	publisher={Cambridge University Press}
}

@Book{Kun09,
	author = {Kenneth Kunen},
	title  = {The Foundations of Mathematics (Logic)},
	publisher = {College Publications},
	annote = {ISBN: 978-1-904987-14-7},
	annote = {URL: \url{https://www.math.wisc.edu/~miller/old/m771-10/kunen770.pdf}}
}

@book{Rob15,
	author = {Robič, Borut},
	title = {The Foundations of Computability Theory},
	year = {2015},
	isbn = {3662448076, 9783662448076},
	edition = {1st},
	publisher = {Springer Publishing Company, Incorporated},
}

@MISC{SU98,
	author = {Morten Heine B. Sørensen and Pawel Urzyczyn},
	title = {Lectures on the Curry-Howard Isomorphism},
	year = {1998},
}

@book{BP13,
	title={Interactive theorem proving and program development: Coq’Art: the calculus of inductive constructions},
	author={Yves Bertot and Pierre Cast{\'e}ran},
	year={2013},
	publisher={Springer Science \& Business Media}
}

@inproceedings{Wie03,
	title={Comparing mathematical provers},
	author={Wiedijk, Freek},
	booktitle={MKM},
	volume={3},
	pages={188--202},
	year={2003},
	organization={Springer}
}

@Article{Fer08,
	author = {José Ferreirós},
	title = {The crisis in the foundations of mathematics},
	publisher = {The Princeton companion to mathematics},
	year = {2008},
}

@Article{Raa15,
	author = {Panu Raatikainen},
	title = {Gödel's Incompleteness Theorems},
	publisher = {Stanford Encyclopedia of Philosophy},
	year = {2015}
}

@InProceedings{Zac06,
	author =	 {Richard Zach},
	title =	 {Hilbert's Program Then and Now},
	booktitle = {Philosophy of Logic. Handbook of the Philosophy of Science},
	publisher = {Amsterdam: Elsevier},
	pages =	 {411–447},
	year =	 {2006},
	volume =	 {5}
}


@Book{Nov64,	
	author = {P. S. Novikov},
	title = {Elements of Mathematical Logic},
	year = {1964},
	publisher = {The Journal of Symbolic Logic},
	volume = {30.3},
	year = {1965},
	pages = {356-357},
}


@article{Roj15,
	title={A tutorial introduction to the lambda calculus},
	author={Rojas, Ra{\'u}l},
	journal={arXiv preprint arXiv:1503.09060},
	year={2015}
}

@article{Bar88,
	title={Introduction to lambda calculus},
	author={Barendregt, Henk P},
	year={1988},
	publisher={Programming Methodology Group, University of G$\backslash$" oteborg and Chalmers University of Technology}
}

@book{Bar13,
	title={Lambda calculus with types},
	author={Barendregt, Henk and Dekkers, Wil and Statman, Richard},
	year={2013},
	publisher={Cambridge University Press}
}

@book{Tho91,
	title={Type theory and functional programming},
	author={Thompson, Simon},
	year={1991},
	publisher={Addison Wesley}
}

@article{Irv95,
	title={Russell's Paradox},
	author={Irvine, Andrew David and Deutsch, Harry},
	journal={Stanford encyclopedia of philosophy},
	year={2008}
}

@article{Glivenko29,
	title={Sur quelques points de la logique de M. Brouwer},
	author={Glivenko, Valery},
	journal={Bulletins de la classe des sciences},
	volume={15},
	number={5},
	pages={183--188},
	year={1929}
}


@inproceedings{Paulson90,
	title={A formulation of the simple theory of types (for Isabelle)},
	author={Paulson, Lawrence C},
	booktitle={COLOG-88},
	pages={246--274},
	year={1990},
	organization={Springer}
}

@article{Paulson89,
	title={The foundation of a generic theorem prover},
	author={Paulson, Lawrence C},
	journal={Journal of Automated Reasoning},
	volume={5},
	number={3},
	pages={363--397},
	year={1989},
	publisher={Springer}
}

@article{Rice53,
	title={Classes of recursively enumerable sets and their decision problems},
	author={Rice, Henry Gordon},
	journal={Transactions of the American Mathematical Society},
	volume={74},
	number={2},
	pages={358--366},
	year={1953},
	publisher={JSTOR}
}

@PhdThesis{Coq85,
	author = {Thierry Coquand},
	title = {Une Théorie des Constructions},
	school = {Université de Paris VII},
	year = {1995}
}

@misc{Pau2015,
	title={Introduction to the calculus of inductive constructions},
	author={Paulin-Mohring, Christine},
	year={2015},
	publisher={College Publications}
}

@misc{Wiedijk100,
	title={Formalizing 100 Theorems},
	author={Wiedijk, Freek},
	note = {\url{http://www.cs.ru.nl/~freek/100/}}
}
@inproceedings{Klein09,
	author = {Klein, Gerwin and Elphinstone, Kevin and Heiser, Gernot and Andronick, June and Cock, David and Derrin, Philip and Elkaduwe, Dhammika and Engelhardt, Kai and Kolanski, Rafal and Norrish, Michael and Sewell, Thomas and Tuch, Harvey and Winwood, Simon},
	title = {seL4: Formal Verification of an OS Kernel},
	booktitle = {Proceedings of the ACM SIGOPS 22Nd Symposium on Operating Systems Principles},
	series = {SOSP '09},
	year = {2009},
	isbn = {978-1-60558-752-3},
	location = {Big Sky, Montana, USA},
	pages = {207--220},
	numpages = {14},
	url = {http://doi.acm.org/10.1145/1629575.1629596},
	doi = {10.1145/1629575.1629596},
	acmid = {1629596},
	publisher = {ACM},
	address = {New York, NY, USA},
	keywords = {isabelle/hol, l4, microkernel, sel4},
} 
@book{Krebbers15,
	title={The C standard formalized in Coq},
	author={Krebbers, Robbert Jan},
	year={2015},
	publisher={[Sl: sn]}
}

@Reference{tool_PG,
	title = {Proof General},
	note = {\url{https://proofgeneral.github.io/}},
	authors = {Healfdene Goguen, Patrick Loiseleur, David Aspinall, and Pierre Courtieu}
}

@Reference{tool_Coq,
title = {Coq Proof Assistant},
note = {\url{https://coq.inria.fr/}}
}


@Reference{tool_HOL,
	title = {HOL, Interactive Theorem Prover},
	note = {\url{https://hol-theorem-prover.org/}}
}

@Reference{tool_Isabelle,
	title = {Isabelle, a generic proof assistant},
	note = {\url{https://www.cl.cam.ac.uk/research/hvg/Isabelle/}}
}

@Reference{tool_Pvs,
	title = {PVS Specification and Verification System},
	note = {\url{http://pvs.csl.sri.com/}}
}

@Reference{tool_Acl,
	title = {ACL2: a Computational Logic for Applicative Common Lisp},
	note = {\url{http://www.cs.utexas.edu/users/moore/acl2/}}
}

@Reference{tool_Otter,
	author = "W. McCune",
	title = {Otter and Mace2},
	note = {\url{https://www.cs.unm.edu/~mccune/otter/}},
	year = "2003"
}

@Reference{tool_Prover9,
	author = "W. McCune",
	title = "Prover9 and Mace4",
	note = "\url{http://www.cs.unm.edu/~mccune/prover9/|}",
	year = "2005--2010"
}


%%%%%%%%%% Example entries %%%%%%%%%%%%%%%%%%%%%%%%%%%%%%%%%%%%%%%%%%%%%%%%%%%%%%%%%%%%%%%%%%%%%%%%%%%%%%%%

@Book{Com00,
	author =	 {Douglas E. Comer},
	title =	 {Internetworking with TCP/IP, Volume I},
	publisher =	 {Prentice-Hall Inc},
	year =	 {2000},
	edition =	 {4th},
	annote =	 {ISBN: 0-13-018380-6},
	annote =	 {Good basic book about TCP/IP and its applications;
	Includes IP, ARP, ICMP, CIDR, TCP, UDP, Routing with
	BGP, RIP, OSPF, HELLO, Multicast, ATM, Mobile IP,
	NAT, VPN, Sockets, DHCP, DNS, Telnet, FTP,
	Electronic Mail, WWW, VoIP, SNMP, IPsec, IPv6, but
	only in the basic level for students}
}

@InProceedings{HTS03,
	author =	 {{Tim Hsin-ting Hu and Binh Thai and Aruna
	Seneviratne}},
	title =	 {{Supporting Mobile Devices in Gnutella File 
	Sharing Network with Mobile Agents}},
	booktitle =	 {IEEE International Symposium on Computers
	and Communication},
	pages =	 {1530-1346},
	year =	 {2003},
	volume =	 {3},
	month =	 {April}
}

@PhdThesis{Nik99,
	author =	 {Pekka Nikander},
	title =	 {An Architecture for Authorization and Delegation
	in Distributed Object-Oriented Agent Systems},
	school =	 {Helsinki University of Technology},
	year =	 {1999},
	month =	 {March},
	annote =	 {Describes distributed software architecture that
	uses delegated access permissions. Delegating
	authorizations to Java agents}
}

@TechReport{RFC2408,
	author =	 {D. Maughan and M. Schertler and M. Schneider and
	J. Turner},
	title =	 {{Internet Security Association and Key
	Management Protocol (ISAKMP)}},
	institution =	 {The Internet Engineering Task Force},
	year =	 {1998},
	key =		 {rfc2408},
	type =	 {RFC},
	number =	 {2408},
	month =	 {November},
	note =	 {http://ietf.org/rfc/rfc2408.txt}
}

@MastersThesis{Suo98,
	author =	 {Sanna Suoranta},
	title =	 {{An Object-Oriented Implementation of an
	Authentication Protocol}},
	school =	 {Helsinki University of Technology},
	year =	 {1998},
	month =	 {November},
	annote =	 {An ISAKMP implementation using Jacob framework
	implementation that is based on conduits+
	framework.}
}

%%%%%%%%%%%%%%%%%%%%%%%%%%%%%%%%%%%%%%%%%%%%%%%%%%%%%%
% The most common BiBTeX entry types
%
%    * Article: An article from a journal or magazine.
% 
%    * Book:  A book with an explicit publisher.
%
%    * Booklet:  A work that is printed and bound, but without 
%               a named publisher or sponsoring institution.
%
%    * Conference: An article in the proceedings of a conference. 
%                  This entry is identical to the 'inproceedings' 
%                  entry and is included for compatibility with another 
%                  text formatting system.
%
%    * Inbook: A part of a book, which may be a chapter and/or a 
%              range of pages.
%
%    * Incollection: A part of a book having its own title.
%
%    * Inproceedings: An article in a conference proceedings.
%
%    * Manual: Technical documentation.
%
%    * Mastersthesis: A Master's thesis.
%
%    * Misc: This is used when other entries do not fit.
%
%    * Phdthesis: A PhD thesis.
%
%    * Proceedings: The proceedings of a conference.
%
%    * Techreport: A report published by a school or other institution, 
%                  usually numbered within a series.
%
%    * Unpublished: A document having an author and title, but not 
%                   formally published.
%
%
% There are a huge number of BiBTeX guides online, more or less official.

